%% This BibTeX bibliography file was created using BibDesk.
%% http://bibdesk.sourceforge.net/

%% Created for Jack Thorp at 2016-06-12 23:15:32 +0100 


%% Saved with string encoding Unicode (UTF-8) 



@webpage{CoopParticipation,
	Date-Added = {2016-06-12 22:14:20 +0000},
	Date-Modified = {2016-06-12 22:15:32 +0000},
	Month = {September},
	Title = {Interim results for Co-operative Group Limited for the 26 weeks ended 4 July 2015},
	Url = {http://www.co-operative.coop/corporate/press/press-releases/headline-news/interim-results-2015/},
	Year = {2015}}

@url{webarchitects,
	Date-Added = {2016-06-12 22:00:53 +0000},
	Date-Modified = {2016-06-12 22:01:20 +0000},
	Lastchecked = {05/06/2016},
	Title = {Webarchitects - About},
	Url = {https://www.webarchitects.co.uk/about}}

@webpage{DataProtection,
	Date-Added = {2016-06-12 21:51:40 +0000},
	Date-Modified = {2016-06-12 21:51:46 +0000},
	Url = {https://www.gov.uk/data-protection/the-data-protection-act}}

@webpage{somersetRules,
	Date-Added = {2016-06-12 21:49:05 +0000},
	Date-Modified = {2016-06-12 21:49:14 +0000},
	Lastchecked = {05/06/2016},
	Url = {http://www.somerset.coop/p/somerset-rules-registrations.html}}

@webpage{modelRules,
	Date-Added = {2016-06-12 21:48:47 +0000},
	Date-Modified = {2016-06-12 21:48:56 +0000},
	Lastchecked = {05/06/2016},
	Url = {http://www.uk.coop/resources/model-governing-documents}}

@webpage{GethBug,
	Date-Added = {2016-06-12 19:39:47 +0000},
	Date-Modified = {2016-06-12 19:40:25 +0000},
	Lastchecked = {05/06/2016},
	Title = {Geth Bug},
	Url = {https://github.com/ethereum/go-ethereum/issues/1368}}

@url{GethStackExchange,
	Date-Added = {2016-06-12 19:37:03 +0000},
	Date-Modified = {2016-06-12 19:38:00 +0000},
	Title = {StackExchange: Should correct transaction nonce be one less than account transaction count?},
	Url = {http://ethereum.stackexchange.com/questions/3411/should-correct-transaction-nonce-be-one-less-than-account-transaction-count}}

@url{ActiveRecord,
	Author = {Wikipedia},
	Date-Added = {2016-06-09 23:03:41 +0000},
	Date-Modified = {2016-06-09 23:03:58 +0000},
	Title = {Active Record Pattern},
	Url = {https://en.wikipedia.org/wiki/Active_record_pattern}}

@webpage{jsSchema,
	Date-Added = {2016-06-09 23:02:27 +0000},
	Date-Modified = {2016-06-09 23:02:33 +0000},
	Url = {https://github.com/molnarg/js-schema}}

@webpage{BlockApps,
	Date-Added = {2016-06-09 22:04:44 +0000},
	Date-Modified = {2016-06-09 22:04:51 +0000},
	Url = {http://www.blockapps.net/}}

@webpage{ipfs-js,
	Date-Added = {2016-06-09 22:00:57 +0000},
	Date-Modified = {2016-06-09 22:01:08 +0000},
	Url = {https://www.npmjs.com/package/ipfs-js}}

@webpage{Tracker,
	Date-Added = {2016-06-09 19:25:03 +0000},
	Date-Modified = {2016-06-09 19:25:10 +0000},
	Url = {https://github.com/meteor/docs/blob/version-NEXT/long-form/tracker-manual.md}}

@webpage{MeteorRef,
	Date-Added = {2016-06-09 13:27:26 +0000},
	Date-Modified = {2016-06-09 13:28:04 +0000},
	Title = {Dapp using Meteor},
	Url = {https://github.com/ethereum/wiki/wiki/Dapp-using-Meteor}}

@webpage{Meteor,
	Date-Added = {2016-06-09 13:22:46 +0000},
	Date-Modified = {2016-06-09 13:22:50 +0000},
	Url = {https://www.meteor.com/}}

@webpage{Truffle,
	Date-Added = {2016-06-09 13:21:21 +0000},
	Date-Modified = {2016-06-09 13:21:28 +0000},
	Url = {http://truffle.readthedocs.io/en/latest/}}

@webpage{Embark,
	Date-Added = {2016-06-09 13:20:42 +0000},
	Date-Modified = {2016-06-09 13:20:48 +0000},
	Url = {https://iurimatias.github.io/embark-framework/}}

@webpage{ReturnArray,
	Date-Added = {2016-06-08 18:10:37 +0000},
	Date-Modified = {2016-06-08 18:10:50 +0000},
	Url = {https://forum.ethereum.org/discussion/2161/return-an-array-from-a-solidity-function}}

@webpage{ActionDriven,
	Author = {Eris Industries},
	Date-Added = {2016-06-07 09:25:47 +0000},
	Date-Modified = {2016-06-07 09:26:27 +0000},
	Lastchecked = {05/06/2016},
	Title = {Tutorials | Solidity 2: An Action-Driven Architecture},
	Url = {https://docs.erisindustries.com/tutorials/solidity/solidity-2/}}

@webpage{FiveTypes,
	Author = {Eris Industries},
	Date-Added = {2016-06-07 09:05:43 +0000},
	Date-Modified = {2016-06-07 09:06:45 +0000},
	Lastchecked = {05/06/2016},
	Title = {Tutorials | Solidity 1: The Five Types Model},
	Url = {https://docs.erisindustries.com/tutorials/solidity/solidity-1/}}

@article{DCFire,
	Author = {Penny Jones},
	Date-Added = {2016-06-07 08:04:03 +0000},
	Date-Modified = {2016-06-07 08:04:43 +0000},
	Title = {Fire brings down data centers in India and Canada},
	Url = {http://www.datacenterdynamics.com/content-tracks/colo-cloud/fire-brings-down-data-centers-in-india-and-canada/68499.fullarticle},
	Year = {2012}}

@url{IPFSVid,
	Author = {stanfordonline},
	Date-Added = {2016-06-06 21:07:09 +0000},
	Date-Modified = {2016-06-06 21:08:02 +0000},
	Lastchecked = {05/06/2016},
	Title = {Stanford Seminar - Juan Benet of Protocol Labs},
	Url = {https://www.youtube.com/watch?v=HUVmypx9HGI}}

@incollection{maymounkov2002kademlia,
	Author = {Maymounkov, Petar and Mazieres, David},
	Booktitle = {Peer-to-Peer Systems},
	Date-Added = {2016-06-06 21:04:05 +0000},
	Date-Modified = {2016-06-06 21:04:05 +0000},
	Pages = {53--65},
	Publisher = {Springer},
	Title = {Kademlia: A peer-to-peer information system based on the xor metric},
	Year = {2002}}

@inproceedings{mazieres1998escaping,
	Author = {Mazieres, David and Kaashoek, M Frans},
	Booktitle = {Proceedings of the 8th ACM SIGOPS European workshop on Support for composing distributed applications},
	Date-Added = {2016-06-06 21:03:26 +0000},
	Date-Modified = {2016-06-06 21:03:26 +0000},
	Organization = {ACM},
	Pages = {118--125},
	Title = {Escaping the evils of centralized control with self-certifying pathnames},
	Year = {1998}}

@article{benet2014ipfs,
	Author = {Benet, Juan},
	Date-Added = {2016-06-06 21:01:14 +0000},
	Date-Modified = {2016-06-06 21:01:14 +0000},
	Journal = {arXiv preprint arXiv:1407.3561},
	Title = {IPFS-Content Addressed, Versioned, P2P File System},
	Year = {2014}}

@webpage{PlatformCoop,
	Date-Added = {2016-06-06 20:26:43 +0000},
	Date-Modified = {2016-06-06 20:26:52 +0000},
	Lastchecked = {05/06/2016},
	Url = {http://platformcoop.net/}}

@webpage{Resonate,
	Date-Added = {2016-06-06 20:25:21 +0000},
	Date-Modified = {2016-06-06 20:25:42 +0000},
	Lastchecked = {05/06/2016},
	Url = {http://resonate.is/}}

@webpage{Fairmondo,
	Date-Added = {2016-06-06 20:24:45 +0000},
	Date-Modified = {2016-06-06 20:25:18 +0000},
	Lastchecked = {05/06/20160},
	Url = {https://www.fairmondo.de/}}

@article{TreborPC,
	Author = {Trebor Scholz},
	Date-Added = {2016-06-06 20:23:50 +0000},
	Date-Modified = {2016-06-06 20:24:35 +0000},
	Lastchecked = {05/06/2016},
	Title = {Platform Cooperativism vs. the Sharing Economy},
	Url = {https://medium.com/@trebors/platform-cooperativism-vs-the-sharing-economy-2ea737f1b5ad#.7q4yt3ul8},
	Year = {2014}}

@webpage{RHC,
	Date-Added = {2016-06-06 20:12:48 +0000},
	Date-Modified = {2016-06-06 20:12:55 +0000},
	Lastchecked = {05/06/2016},
	Url = {http://robinhoodcoop.org/?page_id=88}}

@webpage{BuyCo,
	Date-Added = {2016-06-06 20:02:02 +0000},
	Date-Modified = {2016-06-06 20:02:10 +0000},
	Lastchecked = {05/06/2016},
	Url = {http://buyco.io/proof-of-concept/}}

@webpage{Web3Trans,
	Date-Added = {2016-06-06 17:19:39 +0000},
	Date-Modified = {2016-06-06 17:19:49 +0000},
	Lastchecked = {05/06/2016},
	Url = {https://github.com/ethereum/wiki/wiki/JavaScript-API#web3ethsendtransaction}}

@webpage{Web3JS,
	Date-Added = {2016-06-06 17:19:05 +0000},
	Date-Modified = {2016-06-06 17:19:21 +0000},
	Lastchecked = {05/06/2016},
	Url = {https://github.com/ethereum/web3.js}}

@webpage{JavascriptAPI,
	Date-Added = {2016-06-06 17:18:42 +0000},
	Date-Modified = {2016-06-06 17:19:03 +0000},
	Lastchecked = {05/06/2016},
	Url = {https://github.com/ethereum/wiki/wiki/JavaScript-API}}

@webpage{DevUpdate,
	Author = {Taylor Gerring },
	Date-Added = {2016-06-06 17:17:33 +0000},
	Date-Modified = {2016-06-06 17:18:26 +0000},
	Lastchecked = {05/06/2016},
	Month = {November},
	Title = {Ethereum Dev Update 2015 / Week 44},
	Url = {https://blog.ethereum.org/2015/11/02/ethereum-dev-update-2015-week-44/},
	Year = {2015}}

@webpage{TronStack,
	Date-Added = {2016-06-06 17:17:10 +0000},
	Date-Modified = {2016-06-06 17:17:32 +0000},
	Lastchecked = {05/06/2016},
	Url = {http://ethereum.stackexchange.com/questions/349/are-whisper-and-swarm-still-being-developed}}

@webpage{VinayLaunch,
	Author = {Vinay Gupta},
	Date-Added = {2016-06-06 17:15:44 +0000},
	Date-Modified = {2016-06-06 17:16:26 +0000},
	Lastchecked = {05/06/2016},
	Month = {March},
	Title = {The Ethereum Launch Process},
	Url = {https://blog.ethereum.org/2015/03/03/ethereum-launch-process/},
	Year = {2015}}

@webpage{Web3Slides,
	Author = {Gavin Wood},
	Date-Added = {2016-06-06 17:07:08 +0000},
	Date-Modified = {2016-06-06 17:07:37 +0000},
	Lastchecked = {05/06/2016},
	Title = {Ethereum London Meetup: The Ethereum Experience (Slides)},
	Url = {http://www.slideshare.net/ethereum/the-ethereum-experience}}

@url{Web3Vid,
	Author = {Gavin Wood},
	Date-Added = {2016-06-06 17:06:02 +0000},
	Date-Modified = {2016-06-06 17:07:02 +0000},
	Lastchecked = {05/06/2016},
	Title = {Ethereum London Meetup: The Ethereum Experience (Video)},
	Url = {https://www.youtube.com/watch?v=GJGIeSCgskc}}

@webpage{TaulCurators,
	Author = {Stephan Tual},
	Date-Added = {2016-06-06 16:32:42 +0000},
	Date-Modified = {2016-06-06 16:33:33 +0000},
	Lastchecked = {05/06/2016},
	Month = {April},
	Title = {On DAO Contractors and Curators},
	Url = {https://blog.slock.it/on-contractors-and-curators-2fb9238b2553#.w77jmjbqs},
	Year = {2016}}

@webpage{Oraclise,
	Date-Added = {2016-06-06 16:32:13 +0000},
	Date-Modified = {2016-06-06 16:32:25 +0000},
	Lastchecked = {05/06/2016},
	Url = {http://www.oraclize.it/}}

@url{BertaniOracles,
	Author = {Thomas Bertani},
	Date-Added = {2016-06-06 16:31:19 +0000},
	Date-Modified = {2016-06-06 16:31:59 +0000},
	Lastchecked = {05/06/2016},
	Title = {Understanding oracles},
	Url = {http://blog.oraclize.it/2016/02/18/understanding-oracles/}}

@url{EstoniaE-Voting,
	Author = {Wikipedia},
	Date-Added = {2016-06-06 16:30:39 +0000},
	Date-Modified = {2016-06-06 16:31:10 +0000},
	Lastchecked = {05/06/2016},
	Title = {Electronic Voting In Estonia},
	Url = {https://en.wikipedia.org/wiki/Electronic_voting_in_Estonia}}

@webpage{RSARequest,
	Date-Added = {2016-06-06 16:30:10 +0000},
	Date-Modified = {2016-06-06 16:30:28 +0000},
	Lastchecked = {05/06/2016},
	Url = {https://github.com/ethereum/EIPs/issues/74}}

@url{BertaniKYC,
	Author = {Thomas Bertani},
	Date-Added = {2016-06-06 16:28:53 +0000},
	Date-Modified = {2016-06-06 16:29:55 +0000},
	Lastchecked = {05/06/2016},
	Month = {April},
	Title = {Proof of Identity on Ethereum (or the ``KYC problem'')},
	Url = {http://blog.oraclize.it/2016/04/27/proof-of-identity-on-ethereum/},
	Year = {2016}}

@webpage{IDBereg,
	Author = {Alex Beregszaszi},
	Date-Added = {2016-06-06 16:27:33 +0000},
	Date-Modified = {2016-06-06 16:28:37 +0000},
	Lastchecked = {05/06/2016},
	Month = {April},
	Title = {Smart contracts and ID cards},
	Url = {https://ledger.press/smart-contracts-and-id-cards-11bc16155737#.rtyvtf2io},
	Year = {2016}}

@url{e-Residency,
	Date-Added = {2016-06-06 16:26:36 +0000},
	Date-Modified = {2016-06-06 16:27:13 +0000},
	Lastchecked = {05/06/2016},
	Title = {What is e-Residency?},
	Url = { https://e-estonia.com/e-residents/about/ }}

@webpage{HomoEncryption,
	Author = {Kobi Gurkan},
	Date-Added = {2016-06-06 16:07:10 +0000},
	Date-Modified = {2016-06-06 16:08:06 +0000},
	Lastchecked = {05/06/2016},
	Title = {Additive Homomorphic Encryption on Ethereum},
	Url = {http://blog.kobigurk.com/homomorphic-encryption-on-ethereum/},
	Year = {2016}}

@incollection{tsang2005short,
	Author = {Tsang, Patrick P and Wei, Victor K},
	Booktitle = {Information Security Practice and Experience},
	Date-Added = {2016-06-06 16:05:52 +0000},
	Date-Modified = {2016-06-06 16:05:52 +0000},
	Pages = {48--60},
	Publisher = {Springer},
	Title = {Short linkable ring signatures for e-voting, e-cash and attestation},
	Year = {2005}}

@inproceedings{liu2004linkable,
	Author = {Liu, Joseph K and Wei, Victor K and Wong, Duncan S},
	Booktitle = {Information Security and privacy},
	Date-Added = {2016-06-06 16:05:05 +0000},
	Date-Modified = {2016-06-06 16:05:05 +0000},
	Organization = {Springer},
	Pages = {325--335},
	Title = {Linkable spontaneous anonymous group signature for ad hoc groups},
	Year = {2004}}

@webpage{PrivacyBlockchain,
	Author = {Vitalik Buterin},
	Date-Added = {2016-06-06 16:03:21 +0000},
	Date-Modified = {2016-06-06 16:04:09 +0000},
	Lastchecked = {05/06/2016},
	Title = {Privacy on the Blockchain},
	Url = {https://blog.ethereum.org/2016/01/15/privacy-on-the-blockchain/},
	Year = {2016}}

@webpage{HonestElection,
	Author = { Daniel Larimer},
	Date-Added = {2016-06-06 16:02:33 +0000},
	Date-Modified = {2016-06-06 16:09:02 +0000},
	Lastchecked = {05/06/2016},
	Title = {Provably Honest Online Elections are Possible},
	Url = {http://bytemaster.github.io/article/2014/12/21/Provably-Honest-Online-Elections/},
	Year = {2014}}

@webpage{WalletJS,
	Date-Added = {2016-06-06 15:46:54 +0000},
	Date-Modified = {2016-06-06 15:47:02 +0000},
	Lastchecked = {05/06/2016},
	Url = {https://www.npmjs.com/package/ethereumjs-wallet }}

@webpage{StackExchangeAddress,
	Date-Added = {2016-06-06 15:46:12 +0000},
	Date-Modified = {2016-06-06 15:46:38 +0000},
	Lastchecked = {05/06/2016},
	Url = {http://bitcoin.stackexchange.com/questions/42055/what-is-the-approach-to-calculate-an-ethereum-address-from-a-256-bit-private-key}}

@webpage{SolidityCheatsheet,
	Date-Added = {2016-06-06 15:45:29 +0000},
	Date-Modified = {2016-06-06 15:45:44 +0000},
	Lastchecked = {05/06/2016},
	Url = {http://solidity.readthedocs.io/en/latest/miscellaneous.html#cheatsheet}}

@webpage{DAOCrowd,
	Author = {Richard Waters},
	Date-Added = {2016-06-06 14:26:59 +0000},
	Date-Modified = {2016-06-06 14:31:56 +0000},
	Lastchecked = {05/06/2016},
	Title = {Automated company raises equivalent of 120M in digital currency},
	Url = {http://www.cnbc.com/2016/05/17/automated-company-raises-equivalent-of-120-million-in-digital-currency.html}}

@webpage{TheDAO,
	Date-Added = {2016-06-06 14:26:35 +0000},
	Date-Modified = {2016-06-06 14:26:44 +0000},
	Lastchecked = {05/06/2016},
	Url = {https://daohub.org/}}

@webpage{DigixCrowd,
	Author = {Sid Kalla},
	Date-Added = {2016-06-06 14:25:45 +0000},
	Date-Modified = {2016-06-06 14:31:48 +0000},
	Lastchecked = {05/06/2016},
	Title = {Digix DAO Closes Crowdsale in Under a Day; Raises 5.5 Million},
	Url = {http://www.smithandcrown.com/digix-dao-closes-crowdsale-under-day-raises-5-5-million/}}

@webpage{Digix,
	Date-Added = {2016-06-06 14:25:26 +0000},
	Date-Modified = {2016-06-06 14:25:35 +0000},
	Lastchecked = {05/06/2016},
	Url = {https://www.dgx.io/}}

@webpage{DAOBlog,
	Author = {Vitalik Buterin},
	Date-Added = {2016-06-06 14:24:44 +0000},
	Date-Modified = {2016-06-06 14:25:16 +0000},
	Lastchecked = {05/06/2016},
	Title = {DAOs, DACs, DAs and More: An Incomplete Terminology Guide},
	Url = {https://blog.ethereum.org/2014/05/06/daos-dacs-das-and-more-an-incomplete-terminology-guide/}}

@webpage{Enspiral,
	Date-Added = {2016-06-06 14:24:06 +0000},
	Date-Modified = {2016-06-06 14:24:21 +0000},
	Lastchecked = {05/06/2016},
	Url = {http://p2pfoundation.net/Enspiral}}

@webpage{Enspiral-loomio,
	Date-Added = {2016-06-06 14:23:46 +0000},
	Date-Modified = {2016-06-06 14:24:29 +0000},
	Lastchecked = {05/06/2016},
	Url = {http://www.enspiral.com/ventures/loomio/ }}

@webpage{Loomio,
	Date-Added = {2016-06-06 14:23:20 +0000},
	Date-Modified = {2016-06-06 14:23:32 +0000},
	Lastchecked = {05/06/2016},
	Url = {htttp://www.loomio.org}}

@url{OpenCoop,
	Author = {P2P Foundation},
	Date-Added = {2016-06-06 13:20:38 +0000},
	Date-Modified = {2016-06-06 13:21:09 +0000},
	Lastchecked = {05/06/2016},
	Title = {Open Cooperatives},
	Url = {http://p2pfoundation.net/Open_Cooperatives}}

@webpage{bracken,
	Date-Added = {2016-06-06 13:19:22 +0000},
	Date-Modified = {2016-06-06 13:20:11 +0000},
	Lastchecked = {05/06/2016},
	Month = {08},
	Title = {The Co-operative Group appoints a new chief digital officer},
	Url = {http://www.co-operative.coop/corporate/press/press-releases/headline-news/the-co-operative-group-appoints-a-new-chief-digital-officer/ },
	Year = {2015}}

@webpage{AgileGov,
	Author = {Jon Manel},
	Date-Added = {2016-06-06 13:04:36 +0000},
	Date-Modified = {2016-06-06 13:19:07 +0000},
	Lastchecked = {05/06/2016},
	Month = {June},
	Title = {Inside the UK Government Digital Service},
	Url = {http://www.bbc.co.uk/news/uk-politics-22860849},
	Year = {2013}}

@url{TheCoop,
	Date-Added = {2016-06-06 12:59:16 +0000},
	Date-Modified = {2016-06-06 12:59:37 +0000},
	Lastchecked = {05/06/2016},
	Title = {The Cooperative Group},
	Url = {http://www.co-operative.coop/ }}

@url{Suma,
	Date-Added = {2016-06-06 12:58:59 +0000},
	Date-Modified = {2016-06-06 12:59:11 +0000},
	Lastchecked = {05/06/2016},
	Title = {Suma Wholefoods},
	Url = {http://www.suma.coop/ }}

@webpage{CoopsUK,
	Date-Added = {2016-06-06 12:56:39 +0000},
	Date-Modified = {2016-06-06 12:57:02 +0000},
	Lastchecked = {05/06/2016},
	Url = {http://www.uk.coop/}}

@webpage{CoopAct,
	Author = {Wikipedia},
	Date-Added = {2016-06-06 12:55:47 +0000},
	Date-Modified = {2016-06-06 12:56:37 +0000},
	Lastchecked = {05/06/2016},
	Title = {The Co-operative and Community Benefit Societies Act 2014},
	Url = {https://en.wikipedia.org/wiki/Co-operative_and_Community_Benefit_Societies_Act_2014}}

@article{Cooperative_economy,
	Author = {Cooperatives UK},
	Date-Added = {2016-06-06 12:43:49 +0000},
	Date-Modified = {2016-06-06 12:44:41 +0000},
	Title = {The co-operative economy 2015},
	Url = {http://www.uk.coop/sites/default/files/uploads/attachments/co-op_economy_2015.pdf},
	Year = {2015}}

@article{roelants2014cooperatives,
	Author = {Roelants, B and Hyungsik, E and Terrasi, E},
	Date-Added = {2016-06-06 12:41:48 +0000},
	Date-Modified = {2016-06-06 12:41:48 +0000},
	Journal = {Quebec: CICOPA/Desjardin},
	Title = {Cooperatives and Employment: a global report},
	Year = {2014}}

@url{ICA,
	Date-Added = {2016-06-06 12:16:35 +0000},
	Date-Modified = {2016-06-06 12:16:55 +0000},
	Lastchecked = {05/06/2016},
	Title = {International Cooperative Alliance},
	Url = {http://ica.coop/en/what-co-operative}}

@article{Coops_india,
	Author = {A. M. Rananavare},
	Date-Added = {2016-06-06 12:14:24 +0000},
	Date-Modified = {2016-06-06 12:16:13 +0000},
	Title = {The Role of Cooperative Societies in the Economic Development of India},
	Url = {http://digitalcommons.usu.edu/etd/2978},
	Year = {1964}}

@article{Kenya_coops,
	Author = {Nathan Schneider},
	Date-Added = {2016-06-06 12:12:07 +0000},
	Date-Modified = {2016-06-06 12:13:08 +0000},
	Journal = {Shareable},
	Lastchecked = {05/06/2016},
	Title = {10 Lessons from Kenya's Remarkable Cooperatives},
	Url = { http://www.shareable.net/blog/10-lessons-from-kenyas-remarkable-cooperatives },
	Year = {2015}}

@url{Coops_india_wiki,
	Author = {Wikipedia},
	Date-Added = {2016-06-06 12:11:22 +0000},
	Date-Modified = {2016-06-06 12:23:30 +0000},
	Lastchecked = {05/06/2016},
	Title = {Cooperative Movement in India},
	Url = {https://en.wikipedia.org/wiki/Cooperative_movement_in_India}}

@webpage{Principles,
	Author = {Wikipedia},
	Date-Added = {2016-06-06 12:10:37 +0000},
	Date-Modified = {2016-06-06 12:11:07 +0000},
	Lastchecked = {05/06/2016},
	Title = {Rochdale Principles},
	Url = {https://en.wikipedia.org/wiki/Rochdale_Principles}}

@webpage{Pioneers,
	Author = {Wikipedia},
	Date-Added = {2016-06-06 12:09:53 +0000},
	Date-Modified = {2016-06-06 12:10:28 +0000},
	Lastchecked = {05/06/2016},
	Title = {Rochdale Society of Equitable Pioneers},
	Url = {https://en.wikipedia.org/wiki/Rochdale_Society_of_Equitable_Pioneers}}

@url{devconvid,
	Date-Added = {2016-06-06 11:55:57 +0000},
	Date-Modified = {2016-06-06 11:56:46 +0000},
	Title = {DEVCON1: Panel - The Pathway To Ethereum Adoption},
	Url = {https://www.youtube.com/watch?v=IsIjUNuG4pw}}

@webpage{Solidity,
	Date-Added = {2016-06-06 11:48:45 +0000},
	Date-Modified = {2016-06-06 11:48:53 +0000},
	Lastchecked = {05/06/2016},
	Url = {https://solidity.readthedocs.io/en/latest/}}

@webpage{Contracts_guide,
	Date-Added = {2016-06-06 11:45:40 +0000},
	Date-Modified = {2016-06-06 11:46:28 +0000},
	Journal = {Ethereum Frontier Guide},
	Lastchecked = {05/06/2016},
	Title = {Contracts and Transactions},
	Url = {https://ethereum.gitbooks.io/frontier-guide/content/contracts_and_transactions_intro.html}}

@url{SmartContract,
	Author = {Nick Szabo},
	Date-Added = {2016-06-06 11:41:48 +0000},
	Date-Modified = {2016-06-06 11:42:25 +0000},
	Lastchecked = {05/06/2016},
	Title = {Smart Contracts},
	Url = {http://szabo.best.vwh.net/smart.contracts.html},
	Urldate = {1994}}

@webpage{Patricia,
	Date-Added = {2016-06-06 11:32:39 +0000},
	Date-Modified = {2016-06-06 11:33:09 +0000},
	Lastchecked = {05/06/2016},
	Title = {Patricia Tree},
	Url = {https://github.com/ethereum/wiki/wiki/Patricia-Tree }}

@article{wood2014ethereum,
	Author = {Wood, Gavin},
	Date-Added = {2016-06-06 11:01:18 +0000},
	Date-Modified = {2016-06-06 11:01:18 +0000},
	Journal = {Ethereum Project Yellow Paper},
	Title = {Ethereum: A secure decentralised generalised transaction ledger},
	Year = {2014}}

@article{Ethereum_crowdfund,
	Author = {Darnell Jackson},
	Date-Added = {2016-06-06 10:48:55 +0000},
	Date-Modified = {2016-06-06 10:55:50 +0000},
	Lastchecked = {05/06/2016},
	Month = {08},
	Title = {Ethereum Self-Crowdfunded 21 Million in Less than a Month --- What Is It and Why Should We Care?},
	Url = {http://insidebitcoins.com/news/ethereum-self-crowdfunded-21-million-in-less-than-a-month-what-is-it-and-why-should-we-care/23838},
	Year = {2014},
	Bdsk-Url-1 = {http://insidebitcoins.com/news/ethereum-self-crowdfunded-21-million-in-less-than-a-month-what-is-it-and-why-should-we-care/23838}}

@webpage{Hash,
	Date-Added = {2016-06-06 10:40:56 +0000},
	Date-Modified = {2016-06-06 10:41:19 +0000},
	Lastchecked = {05/06/2016},
	Title = {Hash Function},
	Url = {https://en.wikipedia.org/wiki/Hash_function},
	Bdsk-Url-1 = {https://en.wikipedia.org/wiki/Hash_function}}

@webpage{Merkle,
	Date-Added = {2016-06-06 10:40:30 +0000},
	Date-Modified = {2016-06-06 10:40:51 +0000},
	Lastchecked = {05/06/2016},
	Title = {Merkle Tree},
	Url = {https://en.wikipedia.org/wiki/Merkle_tree},
	Bdsk-Url-1 = {https://en.wikipedia.org/wiki/Merkle_tree}}

@webpage{Bitcoin_consistency,
	Author = {Emin G{\"u}n Sirer},
	Date-Added = {2016-06-06 10:26:18 +0000},
	Date-Modified = {2016-06-06 10:27:03 +0000},
	Lastchecked = {05/06/2016},
	Title = {Bitcoin Guarantees Strong, not Eventual, Consistency},
	Url = {http://hackingdistributed.com/2016/03/01/bitcoin-guarantees-strong-not-eventual-consistency/},
	Bdsk-Url-1 = {http://hackingdistributed.com/2016/03/01/bitcoin-guarantees-strong-not-eventual-consistency/}}

@webpage{Shard,
	Date-Added = {2016-06-06 10:25:16 +0000},
	Date-Modified = {2016-06-06 10:25:50 +0000},
	Lastchecked = {05/06/2016},
	Title = {Shard (Database Architecture)},
	Url = {https://en.wikipedia.org/wiki/Shard_(database_architecture)},
	Bdsk-Url-1 = {https://en.wikipedia.org/wiki/Shard_(database_architecture)}}

@webpage{Onename,
	Date-Added = {2016-06-06 10:20:50 +0000},
	Date-Modified = {2016-06-06 10:20:59 +0000},
	Lastchecked = {05/06/2016},
	Url = {https://onename.com/},
	Bdsk-Url-1 = {https://onename.com/}}

@webpage{Dogecoin,
	Date-Added = {2016-06-06 10:20:29 +0000},
	Date-Modified = {2016-06-06 10:20:34 +0000},
	Lastchecked = {05/06/2016},
	Url = {http://dogecoin.com/},
	Bdsk-Url-1 = {http://dogecoin.com/}}

@webpage{Faircoin,
	Date-Added = {2016-06-06 10:20:07 +0000},
	Date-Modified = {2016-06-06 10:20:15 +0000},
	Lastchecked = {05/06/2016},
	Url = {https://fair-coin.org/},
	Bdsk-Url-1 = {https://fair-coin.org/}}

@webpage{Litecoin,
	Date-Added = {2016-06-06 10:19:31 +0000},
	Date-Modified = {2016-06-06 10:19:56 +0000},
	Lastchecked = {05/06/2016},
	Month = {June},
	Url = {https://litecoin.com/},
	Year = {2016},
	Bdsk-Url-1 = {https://litecoin.com/}}

@webpage{Namecoin,
	Date-Added = {2016-06-06 10:19:02 +0000},
	Date-Modified = {2016-06-06 10:19:21 +0000},
	Lastchecked = {05/06/2016},
	Month = {June},
	Url = {https://namecoin.info/},
	Year = {2016},
	Bdsk-Url-1 = {https://namecoin.info/}}

@webpage{VinayOnBlockchains,
	Author = {Vinay Gupta},
	Date-Added = {2016-06-06 10:11:03 +0000},
	Date-Modified = {2016-06-06 10:12:39 +0000},
	Lastchecked = {05/06/2016},
	Month = {06},
	Title = {Programmable blockchains in context: Ethereum's future},
	Url = {https://medium.com/@ConsenSys/programmable-blockchains-in-context-ethereum-s-future-cd8451eb421e#.5ruxu8i90},
	Year = {2016},
	Bdsk-Url-1 = {https://medium.com/@ConsenSys/programmable-blockchains-in-context-ethereum-s-future-cd8451eb421e#.5ruxu8i90}}

@article{Myners,
	Author = {Paul Myners},
	Date-Added = {2016-06-05 21:35:30 +0000},
	Date-Modified = {2016-06-05 21:37:35 +0000},
	Title = {The Co-operative Group: Report of the Independent Governance Review},
	Year = {2014}}

@webpage{Platform_cooperativism,
	Date-Added = {2016-06-05 20:44:45 +0000},
	Date-Modified = {2016-06-05 20:45:33 +0000},
	Lastchecked = {05/06/2016},
	Month = {June},
	Title = {Platform cooperativism: Introduction},
	Url = {http://platformcoop.net/},
	Year = {2016},
	Bdsk-Url-1 = {http://platformcoop.net/}}

@webpage{Open_cooperativism,
	Author = {Michel Bauwens},
	Date-Added = {2016-06-05 20:42:47 +0000},
	Date-Modified = {2016-06-05 20:44:14 +0000},
	Lastchecked = {05/06/2016},
	Month = {June},
	Title = {Why We Need a New Kind of Open Cooperativism for the P2P Age},
	Url = {http://p2pfoundation.net/Why_We_Need_a_New_Kind_of_Open_Cooperativism_for_the_P2P_Age},
	Year = {2016},
	Bdsk-Url-1 = {http://p2pfoundation.net/Why_We_Need_a_New_Kind_of_Open_Cooperativism_for_the_P2P_Age}}

@url{Coming_online,
	Author = {Jack Smith},
	Date-Added = {2016-06-05 20:25:23 +0000},
	Date-Modified = {2016-06-05 20:26:03 +0000},
	Lastchecked = {05/06/2016},
	Title = {4.2 Billion People in the World Still Don't Have Internet --- Here's Why That Matters},
	Url = {https://mic.com/articles/125674/4-2-billion-people-in-the-world-still-don-t-have-internet-here-s-why-that-matters#.FxzJMFNt2},
	Bdsk-Url-1 = {https://mic.com/articles/125674/4-2-billion-people-in-the-world-still-don-t-have-internet-here-s-why-that-matters#.FxzJMFNt2}}

@webpage{Google_outage,
	Date-Added = {2016-06-05 20:23:04 +0000},
	Date-Modified = {2016-06-05 20:34:20 +0000},
	Lastchecked = {05/06/2016},
	Title = {Google Outage: Internet Traffic Plunges 40 Percent},
	Url = {http://news.sky.com/story/1129847/google-outage-internet-traffic-plunges-40-percent},
	Bdsk-Url-1 = {http://news.sky.com/story/1129847/google-outage-internet-traffic-plunges-40-percent}}

@webpage{Storj,
	Date-Added = {2016-06-05 20:14:39 +0000},
	Date-Modified = {2016-06-05 20:16:04 +0000},
	Lastchecked = {05/06/2016},
	Month = {June},
	Title = {Storj},
	Url = {https://storj.io/},
	Year = {2016},
	Bdsk-Url-1 = {https://storj.io/}}

@webpage{Maidsafe,
	Date-Added = {2016-06-05 20:14:05 +0000},
	Date-Modified = {2016-06-05 20:14:34 +0000},
	Lastchecked = {05/06/2016},
	Month = {June},
	Title = {Maidsafe},
	Url = {http://maidsafe.net/},
	Year = {2016},
	Bdsk-Url-1 = {http://maidsafe.net/}}

@webpage{Ipfs,
	Date-Added = {2016-06-05 20:11:40 +0000},
	Date-Modified = {2016-06-05 20:12:19 +0000},
	Keywords = {IPFS},
	Lastchecked = {05/06/2016},
	Month = {June},
	Url = {https://ipfs.io/},
	Year = {2016},
	Bdsk-Url-1 = {https://ipfs.io/}}

@url{Ethereum,
	Author = {Vitalik Buterin},
	Date-Added = {2016-06-05 20:09:59 +0000},
	Date-Modified = {2016-06-05 20:10:45 +0000},
	Lastchecked = {05/06/2016},
	Title = {Ethereum Whitepaper},
	Url = {https://github.com/ethereum/wiki/wiki/White-Paper},
	Bdsk-Url-1 = {https://github.com/ethereum/wiki/wiki/White-Paper}}

@misc{nakamoto2008bitcoin,
	Author = {Nakamoto, Satoshi},
	Date-Added = {2016-06-05 20:07:04 +0000},
	Date-Modified = {2016-06-05 20:07:04 +0000},
	Title = {Bitcoin: A peer-to-peer electronic cash system},
	Year = {2008}}

@webpage{Webwewant,
	Date-Added = {2016-06-05 20:02:40 +0000},
	Date-Modified = {2016-06-05 20:03:08 +0000},
	Lastchecked = {05/06/2016},
	Month = {June},
	Url = {https://webwewant.org/},
	Year = {2016},
	Bdsk-Url-1 = {https://webwewant.org/}}

@webpage{Redecentralise,
	Date-Added = {2016-06-05 20:01:50 +0000},
	Date-Modified = {2016-06-05 20:02:37 +0000},
	Lastchecked = {05/06/2016},
	Month = {June},
	Url = {http://redecentralize.org/},
	Year = {2016},
	Bdsk-Url-1 = {http://redecentralize.org/}}

@inproceedings{p2pdef,
	Author = {Schollmeier, R{\"u}diger},
	Booktitle = {p2p},
	Date-Added = {2016-06-05 19:51:32 +0000},
	Date-Modified = {2016-06-05 20:05:46 +0000},
	Organization = {IEEE},
	Pages = {0101},
	Title = {A Definition of Peer-to-Peer Networking for the Classification of Peer-to-Peer Architectures and Applications},
	Year = {2001}}

@webpage{Freedombox,
	Date-Added = {2016-06-05 19:47:07 +0000},
	Date-Modified = {2016-06-05 19:47:19 +0000},
	Lastchecked = {05/06/2016},
	Month = {June},
	Url = {https://freedomboxfoundation.org/learn/},
	Year = {2016},
	Bdsk-Url-1 = {https://freedomboxfoundation.org/learn/}}

@webpage{OPI,
	Date-Added = {2016-06-05 19:46:29 +0000},
	Date-Modified = {2016-06-05 19:46:56 +0000},
	Lastchecked = {05/06/2016},
	Month = {June},
	Url = {https://www.openproducts.com/},
	Year = {2016},
	Bdsk-Url-1 = {https://www.openproducts.com/}}

@webpage{Mailpile,
	Date-Added = {2016-06-05 19:46:07 +0000},
	Date-Modified = {2016-06-05 19:46:20 +0000},
	Lastchecked = {05/06/2016},
	Month = {June},
	Url = {https://www.mailpile.is/},
	Year = {2016},
	Bdsk-Url-1 = {https://www.mailpile.is/}}

@webpage{Solid,
	Date-Added = {2016-06-05 19:45:40 +0000},
	Date-Modified = {2016-06-05 19:45:57 +0000},
	Lastchecked = {05/06/2016},
	Month = {June},
	Url = {https://solid.mit.edu/},
	Year = {2016},
	Bdsk-Url-1 = {https://solid.mit.edu/}}

@webpage{Arkos,
	Date-Added = {2016-06-05 19:45:09 +0000},
	Date-Modified = {2016-06-05 19:45:28 +0000},
	Lastchecked = {05/06/2016},
	Month = {June},
	Url = {https://arkos.io/},
	Year = {2016},
	Bdsk-Url-1 = {https://arkos.io/}}

@webpage{Firechat,
	Date-Added = {2016-06-05 19:44:39 +0000},
	Date-Modified = {2016-06-05 19:44:58 +0000},
	Lastchecked = {05/06/2016},
	Month = {June},
	Url = {http://opengarden.com/about-firechat},
	Year = {2016},
	Bdsk-Url-1 = {http://opengarden.com/about-firechat}}

@webpage{nsa_undermine,
	Date-Added = {2016-06-05 19:43:10 +0000},
	Date-Modified = {2016-06-05 19:44:23 +0000},
	Lastchecked = {05/06/2016},
	Month = {June},
	Title = {NSA's Decade-Long Plan to Undermine Encryption Includes Backdoors, Stolen Keys, Manipulating Standards},
	Url = {https://www.wired.com/2013/09/nsa-backdoored-and-stole-keys/},
	Year = {2016},
	Bdsk-Url-1 = {https://www.wired.com/2013/09/nsa-backdoored-and-stole-keys/}}

@webpage{Prism,
	Date-Added = {2016-06-05 19:42:08 +0000},
	Date-Modified = {2016-06-05 19:57:32 +0000},
	Lastchecked = {05/06/2016},
	Month = {June},
	Title = {NSA Prism program taps in to user data of Apple, Google and others},
	Url = {http://www.theguardian.com/world/2013/jun/06/us-tech-giants-nsa-data},
	Year = {2016},
	Bdsk-Url-1 = {http://www.theguardian.com/world/2013/jun/06/us-tech-giants-nsa-data}}

@webpage{nsa_giants,
	Date-Added = {2016-06-05 19:40:04 +0000},
	Date-Modified = {2016-06-05 20:08:38 +0000},
	Lastchecked = {05/06/2016},
	Month = {June},
	Title = {US tech giants knew of NSA data collection, agency's top lawyer insists},
	Url = {http://www.theguardian.com/world/2014/mar/19/us-tech-giants-knew-nsa-data-collection-rajesh-de},
	Year = {2016},
	Bdsk-Url-1 = {http://www.theguardian.com/world/2014/mar/19/us-tech-giants-knew-nsa-data-collection-rajesh-de}}

@webpage{Snowden,
	Author = {The Guardian},
	Date-Added = {2016-06-05 19:38:07 +0000},
	Date-Modified = {2016-06-05 19:56:26 +0000},
	Lastchecked = {05/06/2016},
	Month = {June},
	Title = {NSA Files: Decoded},
	Url = {http://www.theguardian.com/world/interactive/2013/nov/01/snowden-nsa-files-surveillance-revelations-decoded#section/4},
	Year = {2016},
	Bdsk-Url-1 = {http://www.theguardian.com/world/interactive/2013/nov/01/snowden-nsa-files-surveillance-revelations-decoded#section/4}}

@url{berners_lee,
	Date-Added = {2016-06-05 17:59:44 +0000},
	Date-Modified = {2016-06-05 18:04:09 +0000},
	Lastchecked = {05/06/2016},
	Month = {06},
	Title = {Tim Berners-Lee on the Web at 25: the past, present and future},
	Url = {http://www.wired.co.uk/magazine/archive/2014/03/web-at-25/tim-berners-lee},
	Year = {2016},
	Bdsk-Url-1 = {http://www.wired.co.uk/magazine/archive/2014/03/web-at-25/tim-berners-lee}}

@url{Sociotechnology,
	Date-Added = {2016-06-05 17:16:54 +0000},
	Date-Modified = {2016-06-05 17:48:09 +0000},
	Journal = {Wikipedia},
	Lastchecked = {05/06/2016},
	Month = {June},
	Title = {Sociotechnology},
	Url = {http://en.wikipedia.org/wiki/Sociotechnology},
	Year = {2016},
	Bdsk-Url-1 = {http://en.wikipedia.org/wiki/Sociotechnology}}
